<record><leader>00000cas a2200000 a 4500</leader><controlfield tag="001">28171413</controlfield><controlfield tag="008">930527d18661uuunyumr ne      0    0ger c</controlfield><datafield ind1=" " ind2=" " tag="010"><subfield code="a">sn 93060378 </subfield></datafield><datafield ind1=" " ind2=" " tag="040"><subfield code="a">MID</subfield><subfield code="b">eng</subfield><subfield code="c">MID</subfield><subfield code="d">MQN</subfield><subfield code="d">ATL</subfield><subfield code="d">OCLCQ</subfield><subfield code="d">OCLCF</subfield><subfield code="d">OCLCO</subfield></datafield><datafield ind1=" " ind2=" " tag="019"><subfield code="a">37246601</subfield></datafield><datafield ind1="1" ind2=" " tag="029"><subfield code="a">AU@</subfield><subfield code="b">000021677847</subfield></datafield><datafield ind1=" " ind2=" " tag="042"><subfield code="a">pcc</subfield></datafield><datafield ind1=" " ind2=" " tag="043"><subfield code="a">n-us---</subfield><subfield code="a">n-us-ny</subfield></datafield><datafield ind1=" " ind2="4" tag="050"><subfield code="a">BX8001</subfield></datafield><datafield ind1="0" ind2="4" tag="245"><subfield code="a">Die Wachende Kirche.</subfield></datafield><datafield ind1=" " ind2=" " tag="260"><subfield code="a">Buffalo, N.Y. :</subfield><subfield code="b">J. Au. A. Grabau,</subfield><subfield code="c">1866-</subfield></datafield><datafield ind1=" " ind2=" " tag="300"><subfield code="a">v.</subfield></datafield><datafield ind1=" " ind2=" " tag="310"><subfield code="a">Bimonthly,</subfield><subfield code="b">1881-&lt;1907&gt;</subfield></datafield><datafield ind1=" " ind2=" " tag="321"><subfield code="a">Monthly,</subfield><subfield code="b">1866-1880</subfield></datafield><datafield ind1="0" ind2=" " tag="362"><subfield code="a">Jahrg. 1, no. 1 (Sept. 1866)-</subfield></datafield><datafield ind1=" " ind2=" " tag="500"><subfield code="a">Title from caption.</subfield></datafield><datafield ind1=" " ind2=" " tag="515"><subfield code="a">Some nos. issued in combined form.</subfield></datafield><datafield ind1=" " ind2=" " tag="530"><subfield code="a">Also issued on microfilm by American Theological Library Association.</subfield></datafield><datafield ind1=" " ind2=" " tag="550"><subfield code="a">Issued by: Synode der aus Presussen eingewanderten Lutheraner, 1866-1889; by: Lutherischen Buffalo Synod, 1890-&lt;1907&gt;</subfield></datafield><datafield ind1=" " ind2=" " tag="588"><subfield code="a">Latest issue consulted: Jahrg. 41, no. 24 (15. Dez. 1907).</subfield></datafield><datafield ind1="2" ind2="0" tag="610"><subfield code="a">Lutheran Synod of Buffalo</subfield><subfield code="v">Newspapers.</subfield></datafield><datafield ind1=" " ind2="0" tag="650"><subfield code="a">Lutherans, German</subfield><subfield code="v">Newspapers.</subfield></datafield><datafield ind1=" " ind2="7" tag="655"><subfield code="a">Newspapers.</subfield><subfield code="2">fast</subfield><subfield code="0">(OCoLC)fst01423814</subfield></datafield><datafield ind1="2" ind2="7" tag="610"><subfield code="a">Lutheran Synod of Buffalo.</subfield><subfield code="2">fast</subfield><subfield code="0">(OCoLC)fst00519747</subfield></datafield><datafield ind1=" " ind2="7" tag="650"><subfield code="a">Lutherans, German.</subfield><subfield code="2">fast</subfield><subfield code="0">(OCoLC)fst01004086</subfield></datafield><datafield ind1="2" ind2=" " tag="710"><subfield code="a">Lutheran Synod of Buffalo.</subfield></datafield><datafield ind1=" " ind2=" " tag="752"><subfield code="a">United States</subfield><subfield code="b">New York</subfield><subfield code="c">Erie</subfield><subfield code="d">Buffalo.</subfield></datafield><datafield ind1="1" ind2=" " tag="776"><subfield code="c">Microfilm</subfield><subfield code="d">American Theological Library Association</subfield><subfield code="w">(DLC)   00221589</subfield><subfield code="w">(OCoLC)44680399</subfield></datafield><datafield ind1="0" ind2="8" tag="776"><subfield code="i">Online version:</subfield><subfield code="t">Wachende Kirche</subfield><subfield code="w">(OCoLC)891023102</subfield></datafield></record>